 @book{book:2300108,
   title =     {Python for Data Mining Quick Syntax Reference},
   author =    {Valentina Porcu},
   publisher = {Apress},
   isbn =      {1484241126, 978-1484241127},
   year =      {2019},
   series =    {},
   edition =   {1},
   volume =    {},
   url =       {http://gen.lib.rus.ec/book/index.php?md5=719FA57E15A5FAAE9996594FF491F0E1}
}

@book{book:2349913,
   title =     {Artificial Neural Networks with Java - Tools for Building Neural Network Applications},
   author =    {Igor Livshin},
   publisher = {Apress},
   isbn =      {9781484244203},
   year =      {2019},
   series =    {},
   edition =   {},
   volume =    {},
   url =       {http://gen.lib.rus.ec/book/index.php?md5=1a97921ae2ebdb2acbce0ef06e29667d}
}
